
@article{nakamoto2008bitcoin,
  title={Bitcoin: A peer-to-peer electronic cash system},
  author={Nakamoto, Satoshi and others},
  year={2008},
  publisher={Working Paper}
}

@inproceedings{grather2018blockchain,
  title={Blockchain for education: lifelong learning passport},
  author={Gr{\"a}ther, Wolfgang and Kolvenbach, Sabine and Ruland, Rudolf and Sch{\"u}tte, Julian and Torres, Christof and Wendland, Florian},
  booktitle={Proceedings of 1st ERCIM Blockchain Workshop 2018},
  year={2018},
  organization={European Society for Socially Embedded Technologies (EUSSET)}
}

@article{dorri2017blockchain,
  title={Blockchain: A distributed solution to automotive security and privacy},
  author={Dorri, Ali and Steger, Marco and Kanhere, Salil S and Jurdak, Raja},
  journal={IEEE Communications Magazine},
  volume={55},
  number={12},
  pages={119--125},
  year={2017},
  publisher={IEEE}
}

@book{tanenbaum2007distributed,
  title={Distributed systems: principles and paradigms},
  author={Tanenbaum, Andrew S and Van Steen, Maarten},
  year={2007},
  publisher={Prentice-Hall}
}

@misc{grech2017blockchain,
  title={Blockchain in education},
  author={Grech, Alexander and Camilleri, Anthony F},
  year={2017},
  publisher={Luxembourg: Publications Office of the European Union}
}

@article{skiba2017potential,
  title={The potential of Blockchain in education and health care},
  author={Skiba, Diane J},
  journal={Nursing education perspectives},
  volume={38},
  number={4},
  pages={220--221},
  year={2017},
  publisher={LWW}
}

@article{deshpande2017distributed,
  title={Distributed Ledger Technologies/Blockchain: Challenges, opportunities and the prospects for standards},
  author={Deshpande, Advait and Stewart, Katherine and Lepetit, Louise and Gunashekar, Salil},
  journal={Overview report The British Standards Institution (BSI)},
  year={2017}
}

@article{hope2018issue,
  title={Issue secure digital credentials using technology behind bitcoin},
  author={Hope, Joan},
  journal={The Successful Registrar},
  volume={17},
  number={11},
  pages={1--4},
  year={2018},
  publisher={Wiley Online Library}
}

@article{schmidt2016blockcerts,
  title={Blockcertsâ€”An Open Infrastructure for Academic Credentials on the Blockchain},
  author={Schmidt, Philipp},
  journal={MLLearning (24/10/2016)},
  year={2016}
}